@book{ancho,
  author         = {Jinwon An and Sungzoon Cho},
  editor         = {},
  publisher      = {Cornell University https://arxiv.org/},
  title          = {Variational Autoencoder based Anomaly Detection using Reconstruction Probability},
  year           = {2015}
}

@book{zimmereretal,
  author         = {David Zimmerer and Fabian Isensee and Jens Petersen and Simon Kohl and Klaus Maier-Hein},
  editor         = {},
  publisher      = {German Cancer Research Center (DKFZ), Heidelberg, Germany},
  title          = {Unsupervised anomaly localization using variational auto-encoders},
  year           = {2019}
}

@book{cevaemodel,
  author         = {David Zimmerer and Simon A.A. Kohl1 and Jens Petersen1 and Fabian Isensee1 and Klaus H. Maier-Hein1},
  editor         = {},
  publisher      = {Division of Medical Image Computing, German Cancer Research Center (DKFZ), Heidelberg, Germany https://arxiv.org/},
  title          = {Context-encoding Variational Autoencoder for Unsupervised Anomaly Detection},
  year           = {2018}
}

@inbook{key,
  author         = {Sergio Naval Marimont and Giacomo Tarroni},
  chapter        = {},
  editor         = {2021 IEEE 18th International Symposium on Biomedical Imaging (ISBI)},
  pages          = {1764-1767},
  publisher      = {},
  title          = {Anomaly Detection Through Latent Space Restoration Using Vector Quantized Variational Autoencoders},
  year           = {2021}
}

@inbook{xuetal,
  author         = {Haowen Xu and Wenxiao Chen and Nengwen Zhao and Zeyan Li and Jiahao Bu and Zhihan Li and Ying Liu and Youjian Zhao and Dan Pei and Yang Feng and Jie Chen and Zhaogang Wang and Honglin Qiao},
  chapter        = {},
  editor         = {},
  pages          = {187-196},
  publisher      = {Proceedings of the 2018 World Wide Web Conference},
  title          = {Unsupervised anomaly detection via variational autoencoder for seasonal KPIs in web applications},
  year           = {2018}
}

@misc{jjordan,
  author       = {Jeremy Jordan},
  title        = {Variational autoencoders},
  year         = {2018},
  note         = {https://www.jeremyjordan.me/variational-autoencoders/},
}

@misc{mnist,
  author       = {Yann LeCun and Corinna Cortes and Christopher J.C. Burges},
  title        = {THE MNIST DATABASE},
  note         = {http://yann.lecun.com/exdb/mnist/}
}

@misc{kdd,
  author       = {Seth Hettich and SD Bay},
  title        = {The UCI KDD Archive},
  note         = {http://kdd.ics.uci.edu},
  year         = {1999}
}

@misc{brats,
  author       = {Spyridon Bakas et al.},
  organization = {CBICA - Center for Biomedical Image Computing & Analytics},
  howpublished = {},
  title        = {RSNA-ASNR-MICCAI Brain Tumor Segmentation (BraTS) Challenge 2021},
  year         = {2021},
  note         = {http://braintumorsegmentation.org/},
}

@book{soumick,
  author         = {Soumick Chatterjeea and Alessandro Sciarra and Max Dunnwald and Pavan Tummala and Shubham Kumar Agrawal and Aishwarya Jauhari and Aman Kalra and Steffen Oeltze-Jafra and Oliver Speckc and Andreas Nurnberger},
  editor         = {},
  publisher      = {Cornell University},
  title          = {StRegA: Unsupervised Anomaly Detection in Brain MRIs using a Compact Context-encoding Variational Autoencoder},
  year           = {2022}
}

@misc{jcardoso,
  author       = {Jorge Cardoso},
  howpublished = {},
  title        = {King's accelerates synthetic brain 3D image creation using AI models powered by Cambridge-1 supercomputer},
  year         = {},
  note         = {https://www.kcl.ac.uk/news/synthetic-brain-3d-image-creation-ai-models-powered-by-cambridge-1-supercomputer}
}

@misc{nibabel,
  author       = {Matthew Brett and Chris Markiewicz and Michael Hanke and Marc-Alexandre Côté and Ben Cipollini and Paul McCarthy and Chris Cheng},
  howpublished = {},
  title        = {NiBabel},
  year         = {},
  note         = {https://nipy.org/nibabel/}
}

@misc{skullstripping,
  author       = {Bai Dash},
  howpublished = {},
  title        = {Introduction to skull stripping (Image segmentation on 3D MRI images)},
  year         = {},
  note         = {https://www.analyticsvidhya.com/blog/2021/06/introduction-to-skull-stripping-image-segmentation-on-3d-mri-images/}
}

@misc{vaekeras,
  author       = {François Chollet},
  howpublished = {},
  title        = {Variational Autoencoder},
  year         = {2021},
  note         = {https://keras.io/examples/generative/vae/}
}

@misc{vqvaekeras,
  author       = {Sayak Paul},
  howpublished = {},
  title        = {Vector-Quantized Variational Autoencoders},
  year         = {2020},
  note         = {https://keras.io/examples/generative/vq\_vae/}
}

@misc{batchnorm,
  author       = {Martin Riva},
  howpublished = {},
  title        = {Batch Normalization in Convolutional Neural Networks},
  year         = {2022},
  note         = {https://www.baeldung.com/cs/batch-normalization-cnn}
}
